@BOOK{Bel-FuzRelSyss,
    AUTHOR	= "Bělohlávek, Radim",	
    TITLE	= {Fuzzy Relational Systems: Foundations and Principles},
    PUBLISHER	= {Kluwer, New York},
    YEAR	= {2002},
    ISBN	= {0-306-46777-1}}

    
@BOOK{MorMal-FuzzAutAndLangs,
    AUTHOR	= "Mordeson, John N. and Malik, Davender S.",
    TITLE	= {Fuzzy Automata and Languages: Theory and Applications},
    PUBLISHER	= {Chapman and Hall/CRC},
    YEAR	= {2002},
    ISBN	= {1-58488-225-5}}
