@ARTICLE{fuzz-aut-and-langs,
    AUTHOR	= {Mordeson, John N.},	
    TITLE	= {Fuzzy automata and languages: theory and applications},
    JOURNAL	= {Boca Raton : Chapman \& Hall/CRC},
    YEAR	= {2002},
    ISBN	= {1584882255}};

@ARTICLE{fuzz-db-model-xml,
    AUTHOR	= {Zongmin Ma},	
    TITLE	= {Fuzzy database Modeling with XML},
    JOURNAL	= {New York: Springer},
    YEAR	= {2005},
    ISBN	= {0387242481}}  

@ARTICLE{fuzz-grammar,
    AUTHOR	= {Bas Aarts},	
    TITLE	= {Fuzzy grammar},
    JOURNAL	= {Oxford linguistics},
    YEAR	= {2010},
    ISBN	= {0-19-926257-8, resp. 978-0-19-926257-1 (dotisk)}}  
    
@ARTICLE{fuzz-log-in-eng,
    AUTHOR	= {Timothy J. Ross},	
    TITLE	= {Fuzzy logic with engineering applications},
    JOURNAL	= {Chichester : John Wiley and Sons},
    YEAR	= {2010},
    ISBN	= {978-0-470-74376-8}}  

@ARTICLE{fuzz-met-rozh,
    AUTHOR	= {Ondřej Pavlačka},	
    TITLE	= {Fuzzy metody rozhodování},
    JOURNAL	= {Univerzita Palackého},
    YEAR	= {2007},
    ISBN	= {---}}

@ARTICLE{fuzz-rel-syss,
    AUTHOR	= {Radim Bělohlávek},	
    TITLE	= {Fuzzy relations systems : foundations and principles},
    JOURNAL	= {New York; Boston; Dordrecht: Kluwer Academic; Plenum Publishers},
    YEAR	= {2002},
    ISBN	= {0306467771}}

@ARTICLE{fuzz-tech-in-img-proc,
    AUTHOR	= {Etienne E. Kerre, Mike Nachtegae},	
    TITLE	= {Fuzzy techniques in image processing},
    JOURNAL	= {Heidelberg : Physica-Verlag},
    YEAR	= {2000},
    ISBN	= {3790813044}}

@ARTICLE{incompl-info-rough-set-anal,
    AUTHOR	= {Ewa Orłowska},	
    TITLE	= {Incomplete information : rough set analysis},
    JOURNAL	= {Heidelberg ; New York, N.Y. : Physica-Verlag},
    YEAR	= {1998},
    ISBN	= {3-7908-1049-5}}

@ARTICLE{x,
    AUTHOR	= {a},	
    TITLE	= {b},
    JOURNAL	= {c},
    YEAR	= {d},
    ISBN	= {e}}

