@misc{web-CesCitNorm, 
	author = {Z. Firstov\'{a}},
	title = {Nov\'{a} cita\v{c}n√≠ norma \v{C}SN ISO 690:2011},
	howpublished = {Dostupn\'{e} online na \url{https://sites.google.com/site/novaiso690/}, cit. 5.~5.~2018}
%	url = {https://sites.google.com/site/novaiso690/}
}


@misc{web-Folikul, 
	author = {{slovniky.cz}},
	title = {folikul},
	howpublished = {Dostupn\'{e} online na \url{http://lekarske.slovniky.cz/pojem/folikul}, cit. 5.~5.~2018}
%	url = {http://lekarske.slovniky.cz/pojem/folikul}
}

@misc{web-IrisDataset, 
	author = {R.A. Fisher},
	title = {Iris Data Set},
	howpublished = {Dostupn\'{e} online na \url{https://archive.ics.uci.edu/ml/datasets/Iris}, cit. 5.~5.~2018}
%	url = {https://archive.ics.uci.edu/ml/datasets/Iris}
}


@misc{web-FlagsDataset, 
	author = {{Collins Publishers}},
	title = {Flags Data Set},
	howpublished = {Dostupn\'{e} online na \url{https://archive.ics.uci.edu/ml/datasets/Flags}, cit. 5.~5.~2018}
%	url = {https://archive.ics.uci.edu/ml/datasets/Flags} 
}

@misc{web-Lenna, 
	author = {{Wikipedie}},
	title = {Lenna},
	howpublished = {Dostupn\'{e} online na \url{https://en.wikipedia.org/wiki/Lenna}, cit. 5.~5.~2018}
%	url = {https://en.wikipedia.org/wiki/Lenna} 
}


@misc{web-Maven, 
	author = {{The Apache Software Foundation}},
	title = {Apache Maven project},
	howpublished = {Dostupn\'{e} online na \url{https://maven.apache.org}, cit. 5.5.2018}
%	url = {https://maven.apache.org} 
}


