@misc{web-CesCitNorm, 
	author = {Z. Firstov\'{a}},
	title = {Nov\'{a} cita\v{c}n√≠ norma \v{C}SN ISO 690:2011},
	howpublished = {Dostupn\'{e} online na \url{https://sites.google.com/site/novaiso690/}},
	url = {https://sites.google.com/site/novaiso690/}
}


@misc{web-Folikul, 
	author = {slovniky.cz},
	title = {folikul},
	howpublished = {Dostupn\'{e} online na \url{http://lekarske.slovniky.cz/pojem/folikul}},
	url = {http://lekarske.slovniky.cz/pojem/folikul}
}

@misc{web-IrisDataset, 
	author = {R.A. Fisher},
	title = {Iris Data Set},
	howpublished = {Dostupn\'{e} online na \url{https://archive.ics.uci.edu/ml/datasets/Iris}},
	url = {https://archive.ics.uci.edu/ml/datasets/Iris}
}


@misc{web-FlagsDataset, 
	author = {Collins Publishers},
	title = {Flags Data Set},
	howpublished = {Dostupn\'{e} online na \url{https://archive.ics.uci.edu/ml/datasets/Flags}},
	url = {https://archive.ics.uci.edu/ml/datasets/Flags} 
}
